@book{koza92,
		author    = "Koza, John R.",
		title     = "Genetic Programming: On the Programming of Computers by Means of Natural Selection",
		publisher = "MIT Press",
		year      = "1992"
}


@misc{ wiki:latex,
       author = "Wikipedia",
       title = "LaTeX --- Wikipedia{,} La enciclopedia libre",
       year = "2015",
       url = "https://es.wikipedia.org/w/index.php?title=LaTeX&oldid=84209252",
       note = "[Internet; descargado 30-septiembre-2015]"
}


@article{bortolot2005,
      title={Estimating forest biomass using small footprint LiDAR data: An individual tree-based approach that incorporates training data},
      author={Bortolot, Zachary J and Wynne, Randolph H},
      journal={ISPRS Journal of Photogrammetry and Remote Sensing},
      volume={59},
      number={6},
      pages={342--360},
      year={2005},
      publisher={Elsevier}
}


@article{Salas_Murillo_2010, 
      title={Esas primeras imágenes cinematográficas}, url={https://revistas.ucr.ac.cr/index.php/rlm/article/view/9481}, 
      number={12}, 
      journal={Revista de Lenguas Modernas}, 
      author={Salas MurilloBértold}, 
      year={2010},
      month={abr.} 
}


@misc{RAEVideo,
       author = "RAE",
       title = "LaTeX --- Wikipedia{,} La enciclopedia libre",
       url = "https://dle.rae.es/video",
       note = "[Internet; consultado 16-mayo-2021]"
}

@misc{ wiki:video,
       author = "Wikipedia",
       title = "Video --- Wikipedia{,} La enciclopedia libre",
       year = "2021",
       url = "https://es.wikipedia.org/wiki/Video",
       note = "[Internet; descargado 16-mayo-2021]"
}

@inproceedings{inproceedings,
    author = {He, Jiaxi and Zhang, Cishen and Yang, Ran and Zhu, Kai},
    year = {2016},
    month = {09},
    pages = {2246-2250},
    title = {Convex optimization for fast image dehazing},
    journal = {2016 IEEE International Conference on Image Processing (ICIP)},
    doi = {10.1109/ICIP.2016.7532758}
}

@InProceedings{Wang_2016_CVPR,
    author = {Wang, Zhangyang and Liu, Ding and Chang, Shiyu and Ling, Qing and Yang, Yingzhen and Huang, Thomas S.},
    title = {D3: Deep Dual-Domain Based Fast Restoration of JPEG-Compressed Images},
    booktitle = {Proceedings of the IEEE Conference on Computer Vision and Pattern Recognition (CVPR)},
    month = {June},
    year = {2016}
}

@ARTICLE{9359916,
      author={Tekalp, A. Murat and Covell, Michele and Timofte, Radu and Dong, Chao},
      journal={IEEE Journal of Selected Topics in Signal Processing}, 
      title={Editorial: Introduction to the Issue on Deep Learning for Image/Video Restoration and Compression},
      year={2021},
      volume={15},
      number={2},
      pages={157-161},
      doi={10.1109/JSTSP.2021.3053364}
}
  
@ARTICLE{8746778,
      author={Brifman, Alon and Romano, Yaniv and Elad, Michael},
      journal={IEEE Transactions on Image Processing}, 
      title={Unified Single-Image and Video Super-Resolution via Denoising Algorithms}, 
      year={2019},
      volume={28},
      number={12},
      pages={6063-6076},
      doi={10.1109/TIP.2019.2924173}
}
  
@ARTICLE{7919264,
      author={Huang, Yan and Wang, Wei and Wang, Liang},
      journal={IEEE Transactions on Pattern Analysis and Machine Intelligence}, 
      title={Video Super-Resolution via Bidirectional Recurrent Convolutional Networks}, 
      year={2018},
      volume={40},
      number={4},
      pages={1015-1028},
      doi={10.1109/TPAMI.2017.2701380}
}
  
@article{article,
    author = {Cheng, Guangchun and Wan, Yiwen and Saudagar, Abdullah and Namuduri, Kamesh and Buckles, Bill},
    year = {2015},
    month = {01},
    pages = {},
    title = {Advances in Human Action Recognition: A Survey}
}

@Article{s19051005,
    AUTHOR = {Zhang, Hong-Bo and Zhang, Yi-Xiang and Zhong, Bineng and Lei, Qing and Yang, Lijie and Du, Ji-Xiang and Chen, Duan-Sheng},
    TITLE = {A Comprehensive Survey of Vision-Based Human Action Recognition Methods},
    JOURNAL = {Sensors},
    VOLUME = {19},
    YEAR = {2019},
    NUMBER = {5},
    ARTICLE-NUMBER = {1005},
    URL = {https://www.mdpi.com/1424-8220/19/5/1005},
    ISSN = {1424-8220},
    DOI = {10.3390/s19051005}
}

@Inbook{Zhang2020,
    author="Zhang, Xian-Da",
    title="Machine Learning",
    bookTitle="A Matrix Algebra Approach to Artificial Intelligence",
    year="2020",
    publisher="Springer Singapore",
    address="Singapore",
    pages="223--440",
    isbn="978-981-15-2770-8",
    doi="10.1007/978-981-15-2770-8_6",
    url="https://doi.org/10.1007/978-981-15-2770-8_6"
}

@InProceedings{Nah_2019_CVPR_Workshops,
    author = {Nah, Seungjun and Timofte, Radu and Gu, Shuhang and Baik, Sungyong and Hong, Seokil and Moon, Gyeongsik and Son, Sanghyun and Mu Lee, Kyoung},
    title = {NTIRE 2019 Challenge on Video Super-Resolution: Methods and Results},
    booktitle = {Proceedings of the IEEE/CVF Conference on Computer Vision and Pattern Recognition (CVPR) Workshops},
    month = {June},
    year = {2019}
}

@inproceedings{NITRE_CVD,
    author = {Nah, Seungjun and Timofte, Radu and Baik, Sungyong and Hong, Seokil and Moon, Gyeongsik and Son, Sanghyun and Lee, Kyoung and Wang, Xintao and Chan, Kelvin and Yu, Ke and Dong, Chao and Loy, Chen Change and Fan, Yuchen and Yu, Jiahui and Liu, Ding and Sim, Hyeonjun and Kim, Munchurl and Park, Dongwon and Monga, Vishal},
    title = {NTIRE 2019 Challenge on Video Deblurring: Methods and Results},
    month = {June},
    year = {2019},
}

@InProceedings{Nah_2019_CVPR_Workshops_REDS,
  author = {Nah, Seungjun and Baik, Sungyong and Hong, Seokil and Moon, Gyeongsik and Son, Sanghyun and Timofte, Radu and Lee, Kyoung Mu},
  title = {NTIRE 2019 Challenge on Video Deblurring and Super-Resolution: Dataset and Study},
  booktitle = {The IEEE Conference on Computer Vision and Pattern Recognition (CVPR) Workshops},
  month = {June},
  year = {2019}
}

    @article{xue2019video,
    author = {Xue, Tianfan and Chen, Baian and Wu, Jiajun and Wei, Donglai and Freeman, William},
    year = {2019},
    month = {08},
    pages = {},
    title = {Video Enhancement with Task-Oriented Flow},
    volume = {127},
    journal = {International Journal of Computer Vision},
    doi = {10.1007/s11263-018-01144-2}
}

@misc{tian2018tdan,
    title={TDAN: Temporally Deformable Alignment Network for Video Super-Resolution}, 
    author={Yapeng Tian and Yulun Zhang and Yun Fu and Chenliang Xu},
    year={2018},
    eprint={1812.02898},
    archivePrefix={arXiv},
    primaryClass={cs.CV}
}

@misc{ PySimpleGUI,
       author = "PySimpleGUI",
       title = "PySimpleGUI",
       year = "2018",
       url = "https://github.com/PySimpleGUI/PySimpleGUI",
       note = "[Internet; descargado 27-mayo-2021]"
}

@ARTICLE{7444187,
  author={Kappeler, Armin and Yoo, Seunghwan and Dai, Qiqin and Katsaggelos, Aggelos K.},
  journal={IEEE Transactions on Computational Imaging}, 
  title={Video Super-Resolution With Convolutional Neural Networks}, 
  year={2016},
  volume={2},
  number={2},
  pages={109-122},
  doi={10.1109/TCI.2016.2532323}}
  
@INPROCEEDINGS{9025696,
      author={Fan, Yuchen and Yu, Jiahui and Liu, Ding and Huang, Thomas S.},
      booktitle={2019 IEEE/CVF Conference on Computer Vision and Pattern Recognition Workshops (CVPRW)}, 
      title={An Empirical Investigation of Efficient Spatio-Temporal Modeling in Video Restoration}, 
      year={2019},
      volume={},
      number={},
      pages={2159-2168},
      doi={10.1109/CVPRW.2019.00269}}
  
@INPROCEEDINGS{8578438,
      author={Jo, Younghyun and Oh, Seoung Wug and Kang, Jaeyeon and Kim, Seon Joo},
      booktitle={2018 IEEE/CVF Conference on Computer Vision and Pattern Recognition}, 
      title={Deep Video Super-Resolution Network Using Dynamic Upsampling Filters Without Explicit Motion Compensation}, 
      year={2018},
      volume={},
      number={},
      pages={3224-3232},
      doi={10.1109/CVPR.2018.00340}}
      
@misc{haris2019recurrent,
      title={Recurrent Back-Projection Network for Video Super-Resolution}, 
      author={Muhammad Haris and Greg Shakhnarovich and Norimichi Ukita},
      year={2019},
      eprint={1903.10128},
      archivePrefix={arXiv},
      primaryClass={cs.CV}
}
@misc{zhang2018image,
      title={Image Super-Resolution Using Very Deep Residual Channel Attention Networks}, 
      author={Yulun Zhang and Kunpeng Li and Kai Li and Lichen Wang and Bineng Zhong and Yun Fu},
      year={2018},
      eprint={1807.02758},
      archivePrefix={arXiv},
      primaryClass={cs.CV}
}

@misc{wang2019edvr,
      title={EDVR: Video Restoration with Enhanced Deformable Convolutional Networks}, 
      author={Xintao Wang and Kelvin C. K. Chan and Ke Yu and Chao Dong and Chen Change Loy},
      year={2019},
      eprint={1905.02716},
      archivePrefix={arXiv},
      primaryClass={cs.CV}
}
