@book{koza92,
		author    = "Koza, John R.",
		title     = "Genetic Programming: On the Programming of Computers by Means of Natural Selection",
		publisher = "MIT Press",
		year      = "1992"
}


@misc{ wiki:latex,
       author = "Wikipedia",
       title = "LaTeX --- Wikipedia{,} La enciclopedia libre",
       year = "2015",
       url = "https://es.wikipedia.org/w/index.php?title=LaTeX&oldid=84209252",
       note = "[Internet; descargado 30-septiembre-2015]"
}

@misc{ LMBD,
       author = "Martin Hedenfalk",
       title = "Lightning Memory-Mapped Database Manager (LMDB)",
       year = "2010",
       url = "http://www.lmdb.tech/doc/",
       note = "[Internet; descargado 10-junio-2021]"
}

@misc{ Memcached,
       author = "Memcached",
       title = "Memcached",
       year = "2018",
       url = "https://memcached.org/",
       note = "[Internet; descargado 10-junio-2021]"
}
@misc{ wiki:SSIM,
       author = "Wikipedia",
       title = "Structural similarity --- Wikipedia{,} The free encyclopedia",
       year = "2021",
       url = "https://en.wikipedia.org/wiki/Structural_similarity",
       note = "[Internet; descargado 11-junio-2021]"
}

@misc{ wiki:PSNR,
       author = "Wikipedia",
       title = "PSNR --- Wikipedia{,} La enciclopedia libre",
       year = "2019",
       url = "https://es.wikipedia.org/wiki/PSNR",
       note = "[Internet; descargado 11-junio-2021]"
}

@misc{ PySimpleGUI,
       author = "PySimpleGUI",
       title = "PySimpleGUI",
       year = "2018",
       url = "https://github.com/PySimpleGUI/PySimpleGUI",
       note = "[Internet; descargado 27-mayo-2021]"
}

@misc{wang2019edvr,
      title={EDVR: Video Restoration with Enhanced Deformable Convolutional Networks}, 
      author={Xintao Wang and Kelvin C. K. Chan and Ke Yu and Chao Dong and Chen Change Loy},
      year={2019},
      eprint={1905.02716},
      archivePrefix={arXiv},
      primaryClass={cs.CV}
}